@article{whaley1993derivatives,
  title={Derivatives on market volatility: Hedging tools long overdue},
  author={Whaley, Robert E},
  journal={The Journal of Derivatives},
  volume={1},
  number={1},
  pages={71--84},
  year={1993},
  publisher={Institutional Investor Journals}
}
@book{DermVol,
  title={The Volatility Smile},
  author={Derman, E. and Miller, M.B. and Park, D.},
  isbn={9781118959169},
  lccn={2016012191},
  series={Wiley Finance Editions},
  year={2016},
  publisher={Wiley}
}